@book{ref1,
  author    = {Fey, Ademar Felipe and Gauer, Raul Ricardo}, 
  title     = {Cabeamento Estruturado da Teoria à Prática},
  publisher = {ITIT},
  year      = {2014},
  address   = {Caxias do Sul},
  edition   = {2},
}

@misc{ref2,
  author={Samuel},
  title = {Parâmetros na Certificação de Cabeamento Estruturado},
  howpublished = {Disponível em: \url{http://labcisco.blogspot.com/2014/09/parametros-na-certificacao-de.html}},
  note = {Acesso em: 2018-05-20}
}

@misc{ref3,
  author={Alexander Pena},
  title = {Certificação de Cabeamento},
  howpublished = {Disponível em: \url{https://www.suportegratuito.com.br/2012/12/22/certificacao-de-cabeamento/}},
  note = {Acesso em: 2018-05-21}
}
